@Article{bart:97,
  author = 	 {Bartels, Larry M.},
  title = 	 {Specification Uncertainty and Model Averaging},
  journal = 	 {American Journal of Political Science},
  year = 	 {1997},
  volume = 	 {41},
  OPTnumber = 	 {2},
  pages = 	 {641-674},
  OPTmonth = 	 {April},
}

@Book{king:97,
  author = 	 {King, Gary},
  ALTeditor = 	 {},
  title = 	 {A Solution to the Ecological Inference Problem:
  Reconstructing Individual Behavior from Aggregate Data},
  publisher = 	 {Princeton University Press},
  year = 	 {1997},
  address = 	 {Princeton, NJ},
}

@Article{wand:schot:sekh:meba:herr:brad:01,
  author = 	 {Wand, Jonathan N. and Shotts, Kenneth W. and Sekhon,
  Jasjeet S. and Mebane Jr., Walter R. and Herron, Michael C. and
  Brady, Henry},
  title = 	 {The Butterfly Did It: The Aberrant Vote for Buchanan
  in Palm Beach County, Florida},
  journal = 	 {American Political Science Review},
  year = 	 2001,
  volume = 	 {forthcoming},
}

@Article{BarVan01,
  author = 	 {David Barstow and Don Van Natta, Jr.},
  title = 	 {How Bush Took Florida: Mining the Overseas Absentee Vote},
  journal = 	 {New York Times},
  year = 	 2001,
  month =	 {July 15}
}

@Article{HerSek01,
  author = 	 {Michael C. Herron and Jasjeet S.\ Sekhon},
  title = 	 {Overvoting and Representation: An Examination of
                  Overvoted Presidential Ballots in Broward and
                  Miami-Dade Counties},
  journal = 	 {unpublished},
  year = 	 {2001},
  OPTkey = 	 {},
  OPTvolume = 	 {},
  OPTnumber = 	 {},
  OPTpages = 	 {},
  OPTmonth = 	 {},
  OPTnote = 	 {},
  OPTannote = 	 {}
}

@Unpublished{KinZen01,
  author = 	 {Gary King and Langche Zeng},
  title = 	 {How Factual is Your Counterfactual?},
  year =  2001,
  note = 	 {\url{http://GKing.harvard.edu}},
}

@Article{Lebow00,
  author = 	 {Richard Ned Lebow},
  title = 	 {What's so Different About a Counterfactual?},
  journal = 	 {World Politics},
  year = 	 2000,
  volume =	 52,
  pages =	 {550--85},
  month =	 {July}
}

@Unpublished{AdaFas00,
  author = 	 {Greg D. Adams and Chris Fastnow},
  title = 	 {A Note on the Voting Irregularities in Palm Beach, FL},
  journal = 	 {},
  year = 	 {2000},
  note =	 {\url{http://madison.hss.cmu.edu/}}
}

