

@Article{Carl:Chib:1995,
  author = 	 {Carlin, Bradley P. and Chib, Siddhartha},
  title = 	 {Bayesian Model Choice via Markov Chain Monte Carlo Methods},
  journal = 	 {Journal of the Royal Statistical Society, Series B},
  year = 	 {1995},
  OPTkey = 	 {},
  volume = 	 {57},
  OPTnumber = 	 {3},
  pages = 	 {473-484},
  OPTmonth = 	 {},
  OPTnote = 	 {},
  OPTannote = 	 {}
}

@Article{Geor:Mccu:1993,
  author = 	 {George, Edward I. and McCulloch, Robert E.},
  title = 	 {Variable Selection via Gibbs Sampling},
  journal = 	 {Journal of the American Statistical Association},
  year = 	 {1993},
  OPTkey = 	 {},
  volume = 	 {88},
  OPTnumber = 	 {423},
  pages = 	 {881-889},
  OPTmonth = 	 {September},
  OPTnote = 	 {},
  OPTannote = 	 {}
}

@Article{Bart:1997,
  author = 	 {Bartels, Larry M.},
  title = 	 {Specification Uncertainty and Model Averaging},
  journal = 	 {American Journal of Political Science},
  year = 	 {1997},
  OPTkey = 	 {},
  volume = 	 {41},
  OPTnumber = 	 {2},
  pages = 	 {641-674},
  OPTmonth = 	 {April},
  OPTnote = 	 {},
  OPTannote = 	 {}
}

@Article{DiCi:Kass:Raft:Wass:1997,
  author = 	 {DiCiccio, Thomas J. and Kass, Robert E. and Raftery,
  Adrian and Wasserman, Larry},
  title = 	 {Computing Bayes factors by combining simulation and
  asymptotic approximations},
  journal = 	 {Journal of the American Statistical Association},
  year = 	 {1997},
  OPTkey = 	 {},
  volume = 	 {92},
  OPTnumber = 	 {439},
  pages = 	 {903-915},
  OPTmonth = 	 {},
  OPTnote = 	 {},
  OPTannote = 	 {}
}

@Article{Drap:1995,
  author = 	 {Draper, David},
  title = 	 {Assessment and Propagation of Model Uncertainty},
  journal = 	 {Journal of the Royal Statistical Society, Series B},
  year = 	 {1995},
  OPTkey = 	 {},
  volume = 	 {57},
  OPTnumber = 	 {1},
  pages = 	 {45-97},
  OPTmonth = 	 {},
  OPTnote = 	 {},
  OPTannote = 	 {}
}

@Article{Hoet:Madi:Raft:Voli:1999,
  author = 	 {Hoeting, Jennifer A., David Madigan, Adrian
  E. Raftery, and Chris T. Volinsky},
  title = 	 {Bayesian Model Averaging: A Tutorial},
  journal = 	 {Statistical Science},
  year = 	 {1999},
  OPTkey = 	 {},
  volume = 	 {14},
  OPTnumber = 	 {4},
  pages = 	 {382-417},
  OPTmonth = 	 {},
  OPTnote = 	 {},
  OPTannote = 	 {}
}

@Article{Kass:Raft:1995,
  author = 	 {Kass, Robert E., and Adrian E. Raftery},
  title = 	 {Bayes Factors},
  journal = 	 {Journal of the American Statistical Association},
  year = 	 {1995},
  OPTkey = 	 {},
  volume = 	 {90},
  OPTnumber = 	 {430},
  pages = 	 {773-795},
  OPTmonth = 	 {June},
  OPTnote = 	 {},
  OPTannote = 	 {}
}


@Book{King:1997,
  author = 	 {King, Gary},
  ALTeditor = 	 {},
  title = 	 {A Solution to the Ecological Inference Problem:
  Reconstructing Individual Behavior from Aggregate Data},
  publisher = 	 {Princeton University Press},
  year = 	 {1997},
  OPTkey = 	 {},
  OPTvolume = 	 {},
  OPTnumber = 	 {},
  OPTseries = 	 {},
  OPTaddress = 	 {},
  OPTedition = 	 {},
  OPTmonth = 	 {},
  OPTnote = 	 {},
  OPTannote = 	 {}
}

@Article{Lewi:Raft:1997,
  author = 	 {Lewis, Steven M. and Raftery, Adrian E.},
  title = 	 {Estimating Bayes factors via posterior simulation
  with the Laplace-Metropolis estimator},
  journal = 	 {Journal of the American Statistical Association},
  year = 	 {1997},
  OPTkey = 	 {},
  volume = 	 {92},
  OPTnumber = 	 {438},
  OPTpages = 	 {648-655},
  OPTmonth = 	 {},
  OPTnote = 	 {},
  OPTannote = 	 {}
}

@InBook{Raft:1996,
  author = 	 {Raftery, Adrian E.},
  editor = 	 {W.R. Gilks, S. Richardson, and D.J. Spiegelhalter},
  title = 	 {Markov Chain Monte Carlo in Practice},
  chapter = 	 {10 Hypothesis testing and model selection},
  publisher = 	 {Chapman \& Hall},
  year = 	 {1996},
  OPTkey = 	 {},
  OPTvolume = 	 {},
  OPTnumber = 	 {},
  OPTseries = 	 {},
  OPTtype = 	 {},
  OPTaddress = 	 {},
  OPTedition = 	 {},
  OPTmonth = 	 {},
  pages = 	 {163-187},
  OPTnote = 	 {},
  OPTannote = 	 {}
}

