%AAA

@article{aitk:ande:hind:81,
  author = {Aitkin, M. and Anderson, D. and Hinde, J.},
  title =  {Statistical Modeling of Data on Teaching Styles},
  journal = {Journal of the Royal Statistical Society, {S}eries {A}},
  year =        {1981},
  volume =    {144},
  pages =     {419--461} 
}

@article{aitk:rub:85,
  author = {Aitkin, M. and Rubin, Donald B.},
  title =  {Estimation and Hypothesis Testing in Finite Mixture Models},
  journal = {Journal of the Royal Statistical Society, {S}eries {B}, 
                 {M}ethodological},
  year =        {1985},
  volume =    {47},
  pages =     {67--75} 
}

@InBook{akai:73,
  author = {Akaike, Hirotugu},
  chapter =  {Information Theory and An Extension of the
               Maximum Likelihood Principle},
  title = {Second International Symposium on Information
               Theory (eds. B. N. Petrov and F. Caski)},
  year =        {1973},
  publisher =  {Akademiai Kiado},
  address =    {Budapest},
  pages =      {267--281} 
}

@article{akai:74,
  author = {Akaike, Hirotugu},
  title =  {A New Look at the Statistical Identification Model},
  journal = {IEEE Transactions on Automatic Control},
  year =        {1974},
  volume =       {19},
  pages =        {716--723} 
}

@article{akai:78,
  author = {Akaike, Hirotugu},
  title =  {A {B}ayesian Analysis of the Minimum {AIC} Procedure},
  journal = {Annals of the Institute of Statistical Mathematics},
  year =        {1978},
  volume =       {30},
  pages =        {9--14} 
}

@article{albe:92,
  author =     {Albert, James H.},
  title =      {Bayesian Estimation of Normal Ogive Item Response Curves Using 
               {G}ibbs Sampling},
  journal =    {Journal of Educational Statistics},
  year =       {1992},
  volume =     {17},
  pages =      {251--269}
}

@article{albe:chib:93a,
  Author = {Albert, James H. and Chib, Siddhartha},
  Journal = {Journal of the American Statistical Association},
  Volume = 88,
  Pages = {669--679},
  Keywords = {Probit model; Gibbs sampler; Data augmentation},
  Title = {Bayesian Analysis of Binary and Polychotomous Response Data},
  Year = 1993
}

@article{albe:chib:93b,
  Author = {Albert, James H. and Chib, Siddhartha},
  Journal = {Journal of Business and Economic Statistics},
  Volume = 11,
  Pages = {1--15},
  Keywords = {Hidden Markov chain},
  Title = {Bayes Inference Via {G}ibbs Sampling of Autoregressive Time
          Series Subject to {M}arkov Mean and Variance Shifts},
  Year = 1993
}

@Article{albe:chib:97,
  author = {Albert, James H. and Chib, Siddhartha},
  title =  {Bayesian Tests and Model Diagnostics in Conditionally Independent 
            Hierarchical Models},
  journal = {Journal of the American Statistical Association},
  year =        {1997},
  volume =       {92},
  pages =        {916--925} 
}

@article{amit:91,
  author =     {Amit, Yali},
  title =      {On Rates of Convergence of Scholastic Relaxation for {G}aussian 
                and Non-{G}aussian Distributions},
  journal =    {Journal of Multiple Analysis},
  year =       {1991},
  volume =     {38},
  pages =      {82--89}
}

@article{arsl:cons:kent:93,
  author =     {Arslan, Olcay and Constable, Peter D.L. and Kent, John T.},
  title =      {Domains of Convergence for the {E}{M} Algorithm: A Cautionary 
                Tale in a Location Estimation Problem},
  journal =    {Statistical Computation},
  year =       {1993},
  volume =     {3},
  pages =      {103--108}
}

@article{arsl:cons:kent:95,
  author =     {Arslan, Olcay and Constable, Peter D.L. and Kent, John T.},
  title =      {Convergence Behavior of the {EM} Algorithm for the Multivariate
$t$-distribution},
  journal =    {Communications in Statistics Theory and Methods},
  year =       {1995},
  volume =     {24},
  pages =      {2981--3000}
}

%BBB

@article{band:etal:95,
  Author = {Band, D.L. and Ford, L.A. and Matteson, J.L. and Briggs, M.S.
              and Paciesas, W.S. and Pendleton, G.N. and Preece, R.D. and
              Palmer, D.M. and Teegarden, B.J. and Schaefer, B.E.},
  Journal = {Astrophysical Journal}, 
  Volume = 447,
  Pages = {289--301},
  Keywords = {gamma rays: bursts -- line: identification -- methods: statistical},
  Title = {Batse Gamma-Ray Burst Line Search.  {III}. {L}ine Detectability },
  Year = 1995
}

@article{band:etal:96,
  Author = {Band, D.L. and Ryder, S. and Ford, L.A. and Matteson, J.L. 
             and Palmer, D.M. and Teegarden, B.J. and Briggs, M.S. and
             Paciesas, W.S. and Pendleton, G.N. and Preece, R.D.},
  Journal = {Astrophysical Journal}, 
  Volume = 458,
  Pages = {746--754},
  Keywords = {gamma rays: bursts -- line: identification -- methods: statistical},
  Title = {Batse Gamma-Ray Burst Line Search.  {IV}. {L}ine Candidates From
            the Visual Search},
  Year = 1996
}

@article{band:etal:97,
  Author = {Band, D.L. and Ford, L.A. and Matteson, J.L. and Briggs, M.S.
              and Paciesas, W.S. and Pendleton, G.N. and Preece, R.D.},
  Journal = {Astrophysical Journal}, 
  Volume = 485,
  Pages = {747--755},
  Keywords = {gamma rays: bursts -- methods: statistical},
  Title = {Batse Gamma-Ray Burst Line Search.  {V}. {P}robability of
            Detecting a Line in a Burst},
  Year = 1997
}

@article{baum:etal:70,
  Author = {Baum, L. E. and Petrie, T. and Soules, G. and Weiss, N.},
  Journal = {Annals of Mathematical Statistics},
  Volume = 41,
  Pages = {164 -- 171},
  Title = {A Maximization Technique Occurring in the Statistical Analysis of
   Probabilistic Functions of {M}arkov Chains},
  Year = 1970
}

@InBook{baya:berg:99,
  author = {Bayarri, Susie and Berger, James O.},
  chapter =  {Quantifying Surprise in the Data, and Model Verification},
  title = {Bayesian Statistics VI},
  year =        1999,
  publisher =  {Oxford University Press},
  address =    {Oxford},
  pages =      {53--82} 
}

@article{besa:74,
  Author = {Besag, Julian},
  Journal = {Journal of the Royal Statistical Society, {S}eries {B},
                 {M}ethodological}, 
  Volume = 36,
  Pages = {192--236},
  Keywords = {Markov field; Nearest-neighbor scheme},
  Title = {Spatial Interaction and the Statistical Analysis of {L}attice
          Systems (with Discussion)},
  Year = 1974
}

@article{besa:gree:93,
  author =     {Besag, Julian and Green, Peter J.},
  title =      {Spatial Statistics and {B}ayesian Computation},
  journal =    {Journal of the Royal Statistical Society, {S}eries {B}, 
               {M}ethodological},
  year =       {1993},
  volume =     {55},
  pages =      {25--37}
}

@article{besa:gree:higd:meng:95,
  Author = {Besag, Julian and Green, Peter and Higdon, David and Mengersen,
           Kerrie},
  Journal = {Statistical Science},
  Volume = 10,
  Pages = {3--66},
  Keywords = {Gibbs sampler; Hastings algorithm; Image analysis; Logistic
             regression; Markov chain Monte Carlo; Markov random field;
             Metropolis algorithm; Spatial statistics; Variety trial},
  Title = {Bayesian Computation and Stochastic Systems (with Discussion)},
  Year = 1995
}

@article{besa:mora:75,
  Author = {Besag, Julian E. and Moran, Patrick A.P.},
  Journal = {Biometrika},
  Volume = 62,
  Pages = {555--562},
  Keywords = {Autoregression; Coding; Multidimensional time series; Torus
             process},
  Title = {On the Estimation and Testing of Spatial Interaction in
          {G}aussian Lattice Processes},
  Year = 1975
}

@book{bish:fien:holl:75,
  Author =     {Bishop, Yvonne M.M. and Fienberg, Stephen E. and Holland, Paul
               W.},
  Publisher =  {MIT Press},
  address =    {Cambridge, MA},
  Pages =      557,
  Title =      {Discrete Multivariate Analyses: {T}heory and Practice},
  Year =       1975
}

@article{bres:clay:93,
  author =     {Breslow, Norman E. and Clayton, D.G.},
  title =      {Approximate Inference in Generalized Linear Models},
  journal =    {Journal of the American Statistical Association},
  year =       1993,
  volume =     88,
  pages =      {9--25}
}

@article{bres:lin:95,
  author =     {Breslow, Norman E. and Lin, X.},
  title =      {Bias Correction in Generalized Linear Mixed Models With a 
                Single Component of Dispersion},
  journal =    {Biometrika},
  year =       {1995},
  volume =     {82},
  pages =      {81--91}
}

@article{boot:hoba:99,
  author   =   {Booth, James P. and Hobart, James G.},
  title    =   {Maximizing Generalized Linear Mixed Model Likelihoods With an Automated 
               {M}onte {C}arlo EM Algorithm},
  journal  =   {Journal of the Royal Statistical Society, {S}eries {B}},
  year     =   1999,
  volume   =   61,
  pages    =   {265--286} 
}

@article{boyl:83,
  author =     {Boyles, R.A.},
  title =      {On the Convergence of the {E}{M} Algorithm},
  Journal = {Journal of the Royal Statistical Society, {S}eries {B},
                 {M}ethodological},  
  year =       1983,
  volume =     45,
  pages =      {47--50}
}

@article{butl:mill:93,
  author =     {Butler, C.S. and Miller, M.I.},
  title =      {Maximum A Posteriori Estimation for {SPECT} Using  
               Regularization Techniques on Massively Parallel Computers},
  journal =    {IEEE Transactions on Medical Imaging},
  year =       {1993},
  volume =     {12},
  pages =      {84--89}
}

@book{bryk:raud:92,
  Author = {Bryk, Anthony S. and Raudenbush, Stephen W.},
  Publisher = {Sage},
  address = {Newbury Park, California},
  Title = {Hierarchical Linear Models},
  Year = {1992}
}

%CCC

@article{call:harv:91,
  author =     {Callanan, Terrance P. and Harville, David A.},
  title =      {Some New Algorithms for Computing Restricted Maximum Likelihood Estimates
of Variance Components},
  journal =    {Journal of Statistical Computation and Simulation},
  year =       1991,
  volume =     28,
  pages =      {239--259}
}

@Article{carl:chib:95,
  author = 	 {Carlin, Bradley P. and Chib, Siddhartha},
  title = 	 {Bayesian Model Choice via Markov Chain Monte Carlo Methods},
  journal = 	 {Journal of the Royal Statistical Society, Series B},
  year = 	 {1995},
  volume = 	 {57},
  OPTnumber = 	 {3},
  pages = 	 {473-484},
}

@Book{carl:loui:96,
  author = {Carlin, Bradley P. and Louis, Thomas A.},
  title =  {Bayes and Empirical {B}ayes Methods for Data Analysis},
  publisher =          {Chapman \& Hall},
  address =      {London},
  year =        {1996}
}

@Book{case:berg:90,
  author = {Casella, George and Berger, Robert L.},
  title =  {Statistical Inference},
  publisher =          {Wadsworth \& Brooks/Cole},
  address =      {Pacific Grove, CA},
  year =        {1990}
}

@article{case:96,
  author =     {Casella, George},
  title =      {Statistical Inference and {M}onte {C}arlo Algorithms 
               (with Discussion).},
  journal =    {Test},
  year =       {1996},
  volume =     {5},
  pages =      {249--344}
}

@article{case:berg:94,
  author =     {Casella, George and Berger, Roger L.},
  title =      {Estimation With Selected Binomial Information or {D}o You Really Believe That
{D}ave {W}indfield is Batting .471},
  journal =    {Journal of the American Statistical Association},
  year =       {1994},
  volume =     {89},
  pages =      {1080--1090}
}

@article{case:geor:92,
  Author = {Casella, George and George, Edward I.},
  Journal = {The American Statistician},
  Volume = 46,
  Pages = {167--174},
  Keywords = {Markov chain; Resampling},
  Title = {Explaining the {G}ibbs Sampler},
  Year = 1992
}

@article{chan:kuk:97,
  author =     {Chan, Jennifer S.K. and Kuk, Anthony, Y.C.},
  title =      {Maximum Likelihood Estimation for Probit-Linear Mixed 
                Models with Correlated Random Effects},
  journal =    {Biometrics},
  year =       {1997},
  volume =     {53},
  pages =      {86--97}
}

@article{chan:ledo:95,
  author =     {Chan, K.S. and Ledolter, Johannes},
  title =      {Monte {C}arlo {EM} Estimation for Time Series Models Involving Counts},
  journal =    {Journal of the American Statistical Association},
  year =       {1995},
  volume =     {90},
  pages =      {242--252}
}



@article{chen:liu:tsay:95,
    Author = {Chen, Rong and Liu, Jun S. and Tsay, Ruey S.},
    Title = {Additivity Tests for Nonlinear Autoregression},
    Year = 1995,
    Journal = {Biometrika},
    Volume = 82,
    Pages = {369--383}
}


@article{chen:liu:96,
    Author = {Chen, Rong and Liu, Jun S.},
    Title = {Predictive Updating Methods With Application to {B}ayesian
            Classification},
    Year = 1996,
    Journal = {Journal of the Royal Statistical Society, Series B,
              Methodological},
    Volume = 58,
    Pages = {397--415}
}

@article{chen:liu:00,
    Author = {Chen, Rong and Liu, Jun S.},
    Title = {Mixture {K}alman Filters},
    Year = 2000,
    Journal = {Journal of the Royal Statistical Society, Series B,
              Methodological},
    Volume = 62,
    Pages = {493--508}
}

@article{chen:liu:97,
  author = {Chen, X. and Liu, Jun S.},
  title =  {Statistical application of the {P}oisson-{B}inomial Distribution},
  journal = {Statistica Sinica},
  year =        {1997},
  volume =       {7},
  pages =        {875--892} 
}


@article{cher:54,
  author =     {Chernoff, Herman},
  title =      {On the Distribution of the Likelihood Ratio},
  journal =    {The Annals of Mathematical Statistics},
  year =       {1954},
  volume =     {25},
  pages =      {573 -- 578},
}

@article{chib:96,
  author = {Chib, Siddhartha},
  title = {Calculating Posterior Distributions and Modal Estimates in
          {M}arkov Mixture Models},
  journal = {Journal of Econometrics},
  year =        1996,
  volume = 75,
  pages =       {79--97}
}

@article{chib:98,
  author =     {Chib, Siddhartha},
  title =      {Estimation and Comparison of Multiple Change-Point Models},
  journal =    {Journal of Econometrics},
  year =       {1998},
  volume =     {86},
  pages =      {221--241}
}

@article{chib:gree:98,
  author =     {Chib, Siddhartha and Greenberg, Edward},
  title =      {Analysis of Multivariate Probit Models},
  journal =    {Biometrika},
  year =       {1998},
  volume =     {85},
  pages =      {347--361}
}

@article{chib:gree:wink:98,
  author =     {Chib, Siddhartha and Greenberg, Edward and Winkelmann, Rainer},
  title =      {Posterior Simulation and {B}ayes Factors in Panel Count Data Models},
  journal =    {Journal of Econometrics},
  year =       {1998},
  volume =     {86},
  pages =      {33--54}
}

@article{chri:morr:97,
  author =     {Christiansen, Cindy L. and Morris, Carl N.},
  title =      {Hierarchical {P}oisson Regression Modeling},
  journal =    {Journal of the American Statistical Association},
  year =       {1997},
  volume =     {92},
  pages =      {618--632}
}

@InBook{clay:96,
  author    =   {Clayton, David G.},
  title     =   {Markov Chain {M}onte {C}arlo in Practice (eds. W. R. Gilks, 
                  S. Richardson, and D. J. Spiegelhalter)},
  chapter   =    {Generalized Linear Mixed Models},
  publisher =          {Chapman \& Hall},
  address   =    {London},
  year      =   1996,
}

@article{cobb:78,
  author =     {Cobb, G.W.},
  title =      {The Problem of the Nile: Conditional Solution to 
                a Change-point Problem}, 
  journal =    {Biometrika}, 
  year =       {1978},
  volume =     {65},
  pages =      {243--251}
}

@inproceedings{cong:etal:99,
    Author = {Cong, J. and Kong, T. and Xu, D. and  Liang, F. and Liu, Jun S. and
              Wong, Wing H},
    Title = {Simulated Tempering for {VLSI} Floorplan Designs},
    Year = 1999,
    Booktitle  = {Proceedings of the Asia and South Pacific Design Automation
                  Conference}
}

@inproceedings{cong:etal:00,
    Author = {Cong, J. and Kong, T. and Xu, D. and  Liang, F. and Liu, Jun S. and
              Wong, Wing H},
    Title = {Dynamic Weighting {M}onte {C}arlo for constrained Floorplan Designs 
             in Mixed Signal Application},
    Year = 2000,
    Booktitle  = {Proceedings of the Asia and South Pacific Design Automation
                  Conference}
}

@article{cowl:carl:96,
  author = {Cowles, Mary Kathryn and Carlin, Bradley P.},
  title =  {{M}arkov Chain {M}onte {C}arlo Convergence Diagnostics: 
             A Comparative Review},
  journal = {Journal of the American Statistical Association},
  year =        1996,
  volume =       91,
  pages =        {883--904} 
}

@book{cox:isha:80,
  Author =     {Cox, David R. and Isham, Valerie},
  Publisher =  {Chapman \& Hall},
  address =    {London},
  Pages =      200,
  Title =      {Point Processes},
  Year =       1980
}

@InBook{cres:91,
  author =     {Cressie, Noel A.C.},
  title =      {Statistics for Spatial Data},
  chapter =    {7.3.2},
  publisher =  {Wiley-Interscience},
  address =    {New York},
  year =       {1991},
  pages =      {494--495},  
  key =                {Markov field; Kriging; Point process; Image
                 processing}
}

%DDD

@article{dami:wake:walk:99,
  author =     {Damien, Paul and Wakefield, John and Walker, Stephen},
  title =      {Gibbs Sampling for {B}ayesian Non-conjugate and Hierarchical 
                Models by Using Auxiliary Variables},
  journal =    {Journal of the Royal Statistical Society, {S}eries {B}},
  year =       {1999},
  volume =     {61},
  pages =      {331--344}
}

@article{dell:smit:93,
  author =     {Dellaportas, P. and Smith, A. F. M.},
  title =      {{B}ayesian Inference for Generalized Linear and Proportional Hazards 
               Models Via {G}ibbs Sampling},
  journal =    {Applied Statistics},
  year =       {1993},
  volume =     {42},
  pages =      {443-460}
}

@article{demp:lair:rubi:77, 
  Author = {Dempster, Arthur P. and Laird, Nan M. and Rubin, Donald B.}, 
  Journal = {Journal of the Royal Statistical Society, {S}eries {B},
                 {M}ethodological},  
  Volume = 39, 
  Pages = {1--37}, 
  Title = {Maximum Likelihood from Incomplete Data Via the {EM}
                 Algorithm (with Discussion)},  
  Keywords = {Posterior mode, Expectation step, Maximization step,
                 Robust estimation},  
  Year= 1977
}

@Article{dici:kass:raft:wass:97,
  author = 	 {DiCiccio, Thomas J. and Kass, Robert E. and Raftery,
  Adrian and Wasserman, Larry},
  title = 	 {Computing Bayes factors by combining simulation and
  asymptotic approximations},
  journal = 	 {Journal of the American Statistical Association},
  year = 	 {1997},
  volume = 	 {92},
  OPTnumber = 	 {439},
  pages = 	 {903-915},
}

@Article{drap:95,
  author = 	 {Draper, David},
  title = 	 {Assessment and Propagation of Model Uncertainty},
  journal = 	 {Journal of the Royal Statistical Society, Series B},
  year = 	 {1995},
  volume = 	 {57},
  OPTnumber = 	 {1},
  pages = 	 {45-97},
}


%EEE

@article{edwa:soka:88,
  author =     {Edwards, R.G. and Sokal, A.D.},
  title =      {Generalization of the {F}ortuin-{K}asteleyn-{S}wendsen-{W}ang 
                Representation and {M}onte {C}arlo Algorithm},
  journal =    {Physical Review Letters},
  year =       {1988},
  volume =     {28},
  pages =      {2009--2012}
}

@Article{efr:96,
  author = {Efron, Bradley},
  title =  {Empirical {B}ayes Methods for Combining Likelihoods},
  journal = {Journal of the American Statistical Association},
  year =        {1996},
  volume =       {91},
  pages =        {538--565} 
}

@article{elvi:etal:94,
  Author = {Elvis, Martin and Matsuoka, M. Siemiginowska, A. and 
            Fiore, F. and Mihara, T. and Brinkmann, W.},   
  Journal = {Astrophysical Journal}, 
  Volume = 436,
  Pages = {L55--L58},
  Title = {An {ASCA} {GIS} Spectrum of {S}5 0014 + 813 at $z=3.384$},
  Year = 1994
}

@Book{ever:hand:81,
  author = {Everitt, B.S. and Hand, D.J.},
  title =  {Finite Mixture Distributions},
  publisher =          {Chapman \& Hall},
  address =      {London},
  year =        {1981}
}

%FFF

@article{feni:etal:88,
  author =     {Fenimore, E.E. and Conner, J.P. and Epstein, R.I. and
                  Klebesadel, R.W. and Laros, J.G. and Yoshida, A. and
                  Fujii, M. and Hayashida, K. and Itoh, M. and Murakami, T. and
                  Nishimura, J. and Yamagami, T. and Kondo, I. and Kawai, N.},
  title =      {Interpretations of Multiple Absorption Features in a
                   Gamma-Ray Burst Spectrum},
  journal =    {Astrophysical Journal},
  year =       {1988},
  volume =     {335},
  pages =      {L71--L74}
}

@article{fess:hero:94,
  author =     {Fessler, Jeffrey A. and Hero, Alfred O.},
  title =      {Space-Alternating Generalized Expectation-Maximization 
                Algorithm},
  journal =    {IEEE Transactions on Signal Processing},
  year =       {1994},
  volume =     {42},
  pages =      {2664--2677}
}

@article{fess:hero:95,
  author =     {Fessler, Jeffrey A. and Hero, Alfred O.},
  title =      {Penalized Maximum-Likelihood Image Reconstruction Using 
                Space-Alternating Generalized {EM} Algorithm},
  journal =    {IEEE Transactions on Image Processing},
  year =       {1995},
  volume =     {4},
  pages =      {1417--1438}
}

@article{foul:quas:95,
  author =     {Foulley, Jean-Louis and Quass, R.L.},
  title =      {Heterogeneous Variance in {G}aussian Linear Mixed Models},
  journal =    {Genetics Selective Evolution},
  year =       {1995},
  volume =     {27},
  pages =      {211--228}
}

@article{foul:vand:00,
  author =     {Foulley, Jean-Louis and van Dyk, David A.},
  title =      {The {PX-EM} Algorithm for Fast Stable Fitting of {H}enderson's
                Mixed Model},
  journal =    {Genetics Selective Evolution},
  year =       {2000},
  volume =     {32},
  pages =      {143--163}
}

@article{free:etal:99,
  author =     {Freeman, P.E. and Graziani, C. and  Lamb, D.Q. and 
           Loredo, T.J. and Fenimore, E.E. and Murakami, T. and Yashida, A.},
  title =      {Statistical Analysis of Spectral Line Candidates in Gamma-Ray
                Burst {GRB} 870303},
  journal =    {The Astrophysical Journal},
  year =       1999,
  volume =     {524},
  pages =      {753--771}
}

@book{fren:smit:96,
  Author =     {Frenkel, D. and Smit, B.},
  Publisher =  {Academic Press},
  address =    {New York, NY},
  Title =      {Understanding Molecular Simulation},
  Year =       1996
}


%GGG

@article{gelf:hill:raci:smit:90,
  author =     {Gelfand, Alan E. and Hills, Susan E. and Racine-Poon, Amy 
               and Smith, Adrian F.M.},
  title =      {Illustration of {B}ayesian Inference in Normal Data Models 
               Using {G}ibbs Sampling},
  journal =    {Journal of the American Statistical Association},
  year =       {1990},
  volume =     {85},
  pages =      {972--985}
}

@article{gelf:sahu:carl:95,
  author =     {Gelfand, Alan E. and Sahu, Sujit K. and Carlin, Bradley P.},
  title =      {Efficient parameterization for Normal Linear Mixed Models},
  journal =    {Biometrika},
  year =       {1995},
  volume =     {82},
  pages =      {479--488}
}

@article{gelf:smit:90, 
  Author = {Gelfand, Alan E. and Smith, Adrian F.M.}, 
  Journal = {Journal of the American Statistical Association }, 
  Volume = 85, 
  Pages = {398--409}, 
  Title = {Sampling-Based Approaches to Calculating Marginal Densities}, 
  Keywords = {Gibbs sampler, Importance sampling}, 
  Year= 1990
} 

@article{gelm:97,
  author =     {Gelman, Andrew},
  title =      {Discussion of The {EM} Algorithm -- an Old Folk Song Sung 
                 to a Fast New Tune  by {X.L. M}eng and {D.A.} van {D}yk},
  journal =    {Journal of the Royal Statistical Society, {S}eries {B}, {M}ethodological},
  year =       1997,
  volume =     59,
  pages =      554
}


@book{gelm:carl:ster:rubi:95, 
  Author =    {Gelman, Andrew and Carlin, John B. and Stern, Hal S. and
                 Rubin, Donald B.},
  Publisher = {Chapman \& Hall},
  address =   {London},
  Pages =     526,
  Title =     {Bayesian Data Analysis},
  Year =      1995
}

@Article{gelm:meng:ster:96,
  author = {Gelman, Andrew and Meng, Xiao-Li and Stern, Hal.},
  title =  {Posterior Predictive Assessment of Model Fitness (with Discussion)},
  journal = {Statistica Sinica},
  year =        {1996},
  volume =       {6},
  pages =        {733--807} 
}

@article{gelm:rubi:92,
  author =     {Gelman, Andrew and Rubin, Donald B.},
  title =      {Inference from Iterative Simulations Using Multiple Sequences (with Discussion)},
  journal =    {Statistical Science},
  year =       {1992},
  volume =     {7},
  pages =      {457--472}
}

@article{gema:gema:84,
  Author = {Geman, Stuart and Geman, Donald},
  Journal = {IEEE Transactions on Pattern Analysis and Machine
            Intelligence},
  Volume = 6,
  Pages = {721--741},
  Keywords = {Annealing; Markov random field},
  Title = {Stochastic Relaxation, {G}ibbs Distributions, and the {B}ayesian
          Restoration of Images},
  Year = 1984
}

@article{geno:wass:00,
  Author = {Genovese, Christopher R. and Wasserman, Larry},
  Journal = {Annals of Statistics},
  Volume = 28,
  Pages = {1105 -- 1127},
  Title = {Rates of Convergence for the {G}aussian Mixture Sieve},
  Year = 2000
}


@Article{geor:mccu:93,
  author = {George, Edward I. and McCulloch, Robert E.},
  title =  {Variable Selection Via {G}ibbs Sampling},
  journal = {Journal of the American Statistical Association},
  year =        {1993},
  volume =       {88},
  pages =        {881-889} 
}

@Article{geor:mccu:97,
  author = {George, Edward I. and McCulloch, Robert E.},
  title =  {Approaches for {B}ayesian Variable Selection},
  journal = {Statistica Sinica},
  year =        {1997},
  volume =       {7},
  pages =        {339--373} 
}

@article{geye:92,
  author =     {Geyer, Charles J.},
  title =      {Practical {M}arkov Chain {M}onte {C}arlo},
  journal =    {Statistical Science},
  year =       {1992},
  volume =     {7},
  pages =      {473--511}
}

@article{geye:thom:95,
  author =     {Geyer, Charles J. and Thompson, Elizabeth A.},
  title =      {Annealing {M}arkov Chain {M}onte {C}arlo with Applications to 
                Ancestral Inference},
  journal =    {Journal of the American Statistical Association},
  year =       {1995},
  volume =     {90},
  pages =      {909--920}
}

@article{gilk:97,
  author =     {Gilks, Walter R.},
  title =      {Discussion of The {EM} Algorithm -- an Old Folk Song Sung 
                 to a Fast New Tune  by {X.L. M}eng and {D.A.} van {D}yk},
  journal =    {Journal of the Royal Statistical Society, {S}eries {B}, {M}ethodological},
  year =       {1997},
  volume =     {59},
  pages =      {543--545}
}

@article{gilk:robe:sahu:98,
  author =     {Gilks, Walter R. and Roberts, Gareth O. and Sahu, Sujit K.},
  title =      {Adaptive Markov Chain Monte Carlo Through Regeneration},
  journal =    {Journal of the American Statistical Association},
  year =       {1998},
  volume =     {93},
  pages =      {1045--1054}
}

@article{gilk:wild:92,
  author =     {Gilks, Walter R. and Wild, P.},
  title =      {Adaptive Rejection Sampling for {G}ibbs Sampling},
  journal =    {Applied Statistics},
  year =       {1992},
  volume =     {41},
  pages =      {337-348}
}


@Book{gilk:rich:spie:96,
  author = {Gilks, Walter R. and Richardson, Sylvia and 
                  Spiegelhalter, David J.},
  title =  {{M}arkov chain {M}onte {C}arlo in Practice},
  publisher =          {Chapman \& Hall},
  address =      {London},
  year =        {1996}
}

@article{gold:91,
  author =     {Goldstein, H.},
  title =      {Nonlinear Multilevel Models, With an Application to Discrete Response Data},
  journal =    {Biometrika},
  year =       {1991},
  volume =     {78},
  pages =      {45--51}
}

@article{good:cain:79,
  author =     {Goodrich, R.L. and Caines, P.E.},
  title =      {Linear System Identification from Nonstationary 
               Cross-sectional Data},
  journal =    {IEEE Trans. Aut. Cont.},
  volume =     {AC-24},
  pages =      {403--411},
  year = {1979}
}

@article{gree:90,
  author =     {Green, Peter J.},
  title =      {On Use of the {EM} Algorithm for Penalized Likelihood 
                Estimation},
  journal =    {Journal of the Royal Statistical Society, {S}eries {B}, 
                {M}ethodological},
  year =       1990,
  volume =     52,
  pages =      {443--452}
}

@article{gree:95,
  author =     {Green, Peter J.},
  title =      {Reversible Jump {M}arkov Chain {M}onte {C}arlo Computation and 
                {B}ayesian Model Determination},
  journal =    {Biometrika},
  year =       {1995},
  volume =     {82},
  pages =      {711--732}
}

@article{gree:97,
  author =     {Green, Peter J.},
  title =      {Discussion of The {EM} Algorithm -- an Old Folk Song Sung 
                 to a Fast New Tune  by {X.L. M}eng and {D.A.} van {D}yk},
  journal =    {Journal of the Royal Statistical Society, {S}eries {B}, 
               {M}ethodological},
  year =       1997,
  volume =     59,
  pages =      {554--555}
}

@article{gupt:mehr:74,
  author =     {Gupta, N.K. and Mehra, R.K.},
  title =      {Computational Aspects of Maximum Likelihood Estimation 
                and Reduction in Sensitivity Function Calculations},
  journal =    {IEEE Trans. Aut. Cont.},
  volume =     {AC-19},
  pages =      {774-783},
  year =       {1974}
}

%HHH


@article{hand:98,
   Author = {Hand, David J.},
   Title = {Data Mining: {S}tatistics and More?},
   Year = 1998,
   Journal = {The American Statistician},
   Volume = 52,
   Pages = {112--118},
   }

@article{hand:etal:00,
  Author = {Hand, David J. and Gordon, Blunt and Kelly, Mark G. and Adams, Niall M.},
  Journal = {Statistical Science},
  Volume = 15,
  Pages = {111--131},
  Title = {Data Mining for Fun and Profit (with Discussion)},
  Year = 2000
}


@book{harv:89,
  author =     {Harvey, Andrew},
  title =      {Forecasting, Structural Time Series Models and the {K}alman Filter},
  publisher =  {Cambridge University Press},
  address =    {New York},
  year =       {1989}
}

@article{hast:70,
  author =     {Hastings, W. K.},
  title =      {{M}onte {C}arlo Sampling Methods Usings {M}arkov Chains and 
                Their Applications},
  journal =    {Biometrika},
  year =       {1970},
  volume =     {57},
  pages =      {97--109}
}

@article{henn:85,
  author =     {Henna, J.},
  title =      {On Estimation of Countable Mixtures of Continuous
                 Distributions},
  journal =    {Journal of the Japanese Statistical Society},
  year =       {1985},
  volume =     {15},
  pages =      {75--82}
}

@article{higd:93,
  author =     {Higdon, David M.},
  title =      {Discussion of the {G}ibbs Sampler and Other {M}arkov Chain {M}onte 
                {C}arlo methods},
  journal =    {Journal of the Royal Statistical Society, {S}eries {B}, {M}ethodological},
  year =       {1993},
  volume =     {55},
  pages =      {78}
}

@article{higd:98,
  author =     {Higdon, David M.},
  title =      {Auxiliary Variable Methods for {M}arkov Chain {M}onte {C}arlo with
Applications},
  journal =    {Journal of the American Statistical Association},
  year =       {1998},
  volume =     {93},
  pages =      {585--595}
}

@article{hobe:case:96, 
  Author = {Hobert, James P. and Casella, George},
  Journal = {Journal of the American Statistical Association },  
  Volume = 91, 
  Pages = {1461--1473},
  Title = {The Effect of Improper Priors on {G}ibbs Sampling in
                 Hierarchical Linear Mixed Models}, 
  Keywords = {Animal breeding, Compatibility Functional compatibility,
                 Improper posterior, Markov chain, Monte Carlo,
                 Variance components},
  Year= 1996
}

@article{hobe:case:98,
  author =     {Hobert, James P. and Casella, George},
  title =      {Functional Compatibility, {M}arkov Chains, and {G}ibbs Sampling with Improper
Posteriors},
  journal =    {Journal of Computational and Graphical Statistics},
  year =       {1998},
  volume =     {7},
  pages =      {42--60}
}

@Article{hoet:madi:raft:voli:99,
  author = 	 {Hoeting, Jennifer A. and Madigan, David and Raftery,
  Adrian E. and Volinsky, Chris T.},
  title = 	 {Bayesian Model Averaging: A Tutorial},
  journal = 	 {Statistical Science},
  year = 	 {1999},
  volume = 	 {14},
  OPTnumber = 	 {4},
  pages = 	 {382-417},
}


@book{horn:john:85,
  author =     {Horn, Roger A. and Johnson, Charles R.},
  title =      {Matrix Analysis},
  publisher =  {Cambridge University Press},
  address =    {New York},
  year =       {1985}
}

%III

@article{isin:25,
  author =     {Ising, E.},
  title =      {Beitrag zur theorie des ferromagnetismus},
  journal =    {Zeitschrift fur Physik},
  year =       {1925},
  volume =     {31},
  pages =      {253--258}
}

%JJJ

@article{jams:jenn:93,
  author =     {Jamshidian, Mortaza and Jennrich, Richard I.},
  title =      {Conjugate Gradient Acceleration of the {EM} Algorithm},
  journal =    {Journal of the American Statistical Association},
  year =       1993,
  volume =     23,
  pages =      {441--453}
}

@book{jazw:70,
  author =     {Jazwinski, A.H.},
  title =      {Stochastic Processes and Filtering Theory},
  publisher =  {Academic Press},
  address =    {New York},
  year=        {1970}
} 

%KKK

@article{kaas:etal:96,
  author =     {Kaastra, J. S. and Mewe, R. and Liedahl, D. A. and
                 Singh, K. P. and White, N. E. and Drake, S. A.},
  title =      {Emission Measure Analysis Methods: the corona of AR
                     Lacertae revisited},
  journal =    {Astronomy and Astrophysics},
  year =       {1996},
  volume =     {314},
  pages =      {547--557}
}

@Article{kass:raft:95,
  author = 	 {Kass, Robert E. and Raftery, Adrian E.},
  title = 	 {Bayes Factors},
  journal = 	 {Journal of the American Statistical Association},
  year = 	 {1995},
  volume = 	 {90},
  OPTnumber = 	 {430},
  pages = 	 {773-795},
  OPTmonth = 	 {June},
}

@article{kalm:60,
  author =     {Kalman, R.E.},
  title =      {A New Approach to Linear Filtering and Prediction Problems},
  journal =    {Trans. ASME J. of Basic Eng.},
  volume =     {8},
  pages =      {35--45},
  year =       {1960}
}

@article{kalm:bucy:61,
  author =     {Kalman, R.E. and Bucy, R.S.},
  title =      {New Results in Linear Filtering and Prediction Theory},
  journal =    {Trans. ASME J. of Basic Eng.},
  volume =     {83},
  pages =      {95--108},
  year =       {1961}
}


@article{kent:tyle:vard:94,
  author =     {Kent, John T. and Tyler, David E. and Vardi, Yehuda},
  title =      {A Curious Likelihood Identity for the Multivariate 
                $t$-distribution},
  journal =    {Communications in Statistics Simulation and Computation},
  year =       {1994},
  volume =     {23},
  pages =      {441--453}
}


@article{kong:liu:wong:97,
    Author = {Kong, Augustine and Liu, Jun S. and Wong, Wing Hung},
    Title = {The Properties of the Cross-match Estimate and Split Sampling},
    Year = 1997,
    Journal = {The Annals of Statistics},
    Volume = 25,
    Pages = {2410--2432}
}

@book{koop:harv:door:shep:99,
  Author =    {Koopman, S.J. and Harvey, A.C. and Doornik, J.A. and
               Shephard, N.},
  Publisher = {Timberlake Consultants Press},
  address =   {London},
  Title =     {Structural Time Series Analysis, Modelling, and Prediction
               using STAMP},
  year =      {1999}
}                                                                               


@article{kuk:95,
  author =     {Kuk, A. Y. C.},
  title =      {Asymptotically Unbiased Estimation in Generalized Linear Models 
                With Random Effects},
  journal =    {Journal of the Royal Statistical Society, {S}eries {B}, 
               {M}ethodological},
  year =       {1995},
  volume =     {57},
  pages =      {395-407}
}

%LLL

@article{lair:82,
  author =     {Laird, Nan M.},
  title =      {Computation of Variance Components Using the {EM} Algorithm},
  journal =    {Journal of Statistical Computations and Simulation},
  year =       {1982},
  volume =     {14},
  pages =      {295--303}
}

@article{lair:lang:stra:87,
  author =     {Laird, Nan and Lange, Nicholas and Stram, Daniel},
  title =      {Maximizing Likelihood Computations With Repeated Measures: 
                Application of the {EM} Algorithm},
  journal =    {Journal of the American Statistical Association},
  year =       {1987},
  volume =     {82},
  pages =      {97--105}
}

@article{lair:ware:82,
  author =     {Laird, Nan M. and Ware, James H.},
  title =      {Random Effects Models for Longitudinal Data},
  journal =    {Biometrics},
  year =       {1982},
  volume =     {28},
  pages =      {967--974}
}

@article{lang:cars:84,
  author =     {Lange, Kenneth and Carson, Richard},
  title =      {EM Reconstruction Algorithms for Emission and Transmission Tomography},
  journal =    {Journal of Computer Assisted Tomography},
  year =       {1984},
  volume =     {8},
  pages =      {306--316}
}

@article{lang:litt:tayl:89,
  author =     {Lange, Kenneth, Little, Roderick J.A. and Taylor, Jeremy M.G.},
  title =      {Robust Statistical Modeling Using the $t$-distribution},
  journal =    {Journal of the American Statistical Association},
  year =       {1989},
  volume =     {84},
  pages =      {881--896}
}

@article{lang:carl:gelf:92,
  author =     {Lange, Nicholas and Carlin, Bradley P. and Gelfand, Alan E.},
  title =      {Hierarchical {B}ayes Models for the Progression of {HIV} 
                Infection Using Longitudinal {CD4} {T}-Cells Numbers},
  journal =    {Journal of the American Statistical Association},
  year =       {1992},
  volume =     {87},
  pages =      {615--632}
}

@article{lang:sins:93,
  author =     {Lange, Kenneth and Sinsheimer, Janet S.},
  title =      {Normal/Independent Distributions and Their Applications in 
               Robust Regression},
  journal =    {Journal of the American Statistical Association},
  year =       {1993},
  volume =     {2},
  pages =      {175-198}
}

@article{lang:95a,
  author =     {Lange, Kenneth},
  title =      {A Gradient Algorithm Locally Equivalent to the {EM} Algorithm},
  journal =    {Journal of the Royal Statistical Society, {S}eries {B}, 
               {M}ethodological},
  year =       {1995},
  volume =     {57},
  pages =      {425--438}
}

@article{lang:95b,
  author =     {Lange, Kenneth},
  title =      {A Quasi-{N}ewtonian Acceleration of the {EM} Algorithm},
  journal =    {Statistica Sinica},
  year =       {1995},
  volume =     {5},
  pages =      {1--18}
}


@incollection{lans:case:90,
  author =     {Lansky, David and Casella, George},
  title =      {Improving the {EM} Algorithm},
  booktitle =  {Computing Science and Statistics: Proceedings of Symposium
                Interface},
  publisher =  {Springer},
  address =    {New York},
  pages =      {420--424},
  year =       {1990}
}

@article{ledo:79,
  author =     {Ledolter, Johannes},
  title =      {A Recursive Approach to Parameter Estimation in Regression 
                and Time Series Models},
  journal =    {Communications in Statistics, Part A -- Theory and Methods},
  volume =     {8},
  pages =      {1227--1246},
  year =       {1979}
}

@Article{lewi:raft:97,
  author = 	 {Lewis, Steven M. and Raftery, Adrian E.},
  title = 	 {Estimating Bayes factors via posterior simulation
  with the Laplace-Metropolis estimator},
  journal = 	 {Journal of the American Statistical Association},
  year = 	 {1997},
  volume = 	 {92},
  OPTnumber = 	 {438},
  pages = 	 {648-655},
}


@article{lin:bres:96,
  author =     {Lin, X. and Breslow, Norman E.},
  title =      {Bias Correction in Generalized Linear Mixed Models With 
                Multiple Components of Dispersion}, 
  journal =    {Journal of the American Statistical Association},
  year =       {1996},
  volume =     {91},
  pages =      {1007--1016}
}

@article{lind:bate:88,
  author =     {Lindstrom, Mary J. and Bates, Douglas M.},
  title =      {Newton-{R}aphson and {EM} Algorithms for Linear Mixed-Effects 
               Models for Repeated-Measure Data},
  journal =    {Journal of the American Statistical Association},
  year =       {1988},
  volume =     {83},
  pages =      {1014--1022}
}

@book{lind:95,
  Author =    {Lindsay, Bruce G.},
  Publisher = {The Institute of Mathematical Statistics and the American 
              Statistical Association},
  address =   {Hayward, CA and Alexandria, VA},
  Title =     {Mixture Models: Theory, Geometry, and Applications},
  Year =      1995
}

@book{litt:rubi:87,
  Author =    {Little, Roderick J.A. and Rubin, Donald B.},
  Publisher = {John Wiley \& Sons},
  address =   {New York},
  Pages =     278,
  Keywords =  {Unbalanced {ANOVA} design; Nonresponse; {EM} algorithm},
  Title =     {Statistical Analysis With Missing Data},
  Year =      1987
}

@article{liu:93,
  Author = {Liu, Chuanhai},
  Journal = {Journal of Multivariate Analysis},
  Volume = 46,
  Pages = {198--206},
  Keywords = {Imputation},
  Title = {Bartlett's Decomposition of the Posterior Distribution of the
          Covariance for Normal Monotone Ignorable Missing Data},
  Year = 1993
}

@article{liu:rubi:94,
  Author = {Liu, Chuanhai and Rubin, Donald B.},
  Journal = {Biometrika},
  Volume = 81,
  Pages = {633--648},
  Keywords = {Markov chain Monte Carlo; Incomplete data},
  Title = {The {ECME} Algorithm: {A} Simple Extension of {EM} and {ECM}
          With Faster Monotone Convergence},
  Year = 1994
}

@article{liu:rubi:95,
  Author = {Liu, Chuanhai and Rubin, Donald B.},
  Journal = {Statistica Sinica},
  Volume = 5,
  Pages = {19--39},
  Keywords = {Missing data; Maximum likelihood},
  Title = { {ML} Estimation of the $t$ Distribution Using {EM} and Its
          Extensions, {ECM} and {ECME}},
  Year = 1995
}

@article{liu:rubi:wu:98,
  author =     {Liu, Chuanhai and Rubin, Donald B. and Wu, Ying Nian},
  title =      {Parameter Expansion for {EM} Acceleration --- the {PXEM} Algorithm},
  journal =    {Biometrika},
  year =       {1998},
  volume =     {75},
  pages =      {755--770}
}


@inproceedings{liu:94a,
    Author = {Liu, Jun S.},
    Title = {The Fraction of Missing Information and Convergence Rate for
            Data Augmentation},
    Year = 1994,
    Booktitle  = {Computing Science and Statistics. Computationally
                 Intensive Statistical Methods. Proceedings of the 26th
                 Symposium on the Interface},
    Publisher = {Interface Foundation of North America (Fairfax Station,
                VA)},
    Pages = {490--497}
}

@article{liu:94b,
  author =     {Liu, Jun S.},
  title =      {The Collapsed {G}ibbs Sampler in {B}ayesian 
               Computations with Applications to Gene Regulation Problem},
  journal =    {Journal of the American Statistical Association},
  year =       {1994},
  volume =     {89},
  pages =      {958--966}
}

@article{liu:wong:kong:94,
  author =     {Liu, Jun S. and Wong, Wing H. and Kong, Augustine},
  title =      {Covariance Structure of the {G}ibbs Sampler with Applications 
                to Comparisons of Estimators and Augmentation Schemes},
  journal =    {Biometrika},
  year =       {1994},
  volume =     {81},
  pages =      {27--40}
}


@article{liu:chen:95,
    Author = {Liu, Jun S. and Chen, Rong},
    Title = {Blind Deconvolution Via Sequential Imputations},
    Year = 1995,
    Journal = {Journal of the American Statistical Association},
    Volume = 90,
    Pages = {567--576}
}


@article{liu:neuw:lawr:95,
    Author = {Liu, Jun S. and Neuwald, Andrew F. and Lawrence, Charles E.},
    Title = {Bayesian Models for Multiple Local Sequence Alignment and
            {G}ibbs Sampling Strategies},
    Year = 1995,
    Journal = {Journal of the American Statistical Association},
    Volume = 90,
    Pages = {1156--1170}
}

@article{liu:wong:kong:95,
  author =     {Liu, Jun S. and Wong, Wing H. and Kong, Augustine},
  title=       {Correlation Structure and
               Convergence Rate of the {G}ibbs Sampler with Various Scans},
  journal =    {Journal of the Royal Statistical Society, {S}eries {B}, 
               {M}ethodological},
  year =       {1995},
  volume =     {57},
  pages =      {157--169}
}


@article{liu:96a,
    Author = {Liu, Jun S.},
    Title = {Metropolized Independent Sampling With Comparisons to
            Rejection Sampling and Importance Sampling},
    Year = 1996,
    Journal = {Statistics and Computing},
    Volume = 6,
    Pages = {113--119}
}

@article{liu:96b,
    Author = {Liu, Jun S.},
    Title = {Peskun's Theorem and a Modified Discrete-state {G}ibbs
            Sampler},
    Year = 1996,
    Journal = {Biometrika},
    Volume = 83,
    Pages = {681--682}
}


@article{liu:96c,
    Author = {Liu, Jun S.},
    Title = {Nonparametric Hierarchical {B}ayes Via Sequential Imputations},
    Year = 1996,
    Journal = {The Annals of Statistics},
    Volume = 24,
    Pages = {911--930}
}



@article{liu:chen:98,
    Author = {Liu, Jun S. and Chen, Rong},
    Title = {Sequential {M}onte {C}arlo Methods for Dynamic Systems},
    Year = 1998,
    Journal = {Journal of the American Statistical Association},
    Volume = 93,
    Pages = {1032--1044}
}


@article{liu:chen:wong:98,
    Author = {Liu, Jun S. and Chen, Rong and Wong, Wing Hung},
    Title = {Rejection Control and Sequential Importance Sampling},
    Year = 1998,
    Journal = {Journal of the American Statistical Association},
    Volume = 93,
    Pages = {1022--1031}
}

@InBook{liu:saba:98,
  author = {Liu, Jun S. and Sabatti, Chiara},
  chapter =  {Simulated Sintering: {M}arkov chain {M}onte {C}arlo with Spaces of 
              Varying Dimension (with discussion)},
  title = {Bayesian Statistics VI},
  year =        1999,
  publisher =  {Oxford University Press},
  address =    {Oxford},
  pages =      {386--413} 
}


@article{liu:lawr:neuw:99,
          Author = {Liu, Jun S. and Lawrence, Charles E. and Neuwald, Andrew F.},
          Title = {{M}arkovian Structures in Biological Sequence Alignments},
          Year = 1999,
          Journal = {Journal of the American Statistical Association},
          Volume = 94,
          Pages = {1--15}
      }

@article{liu:wu:99,
  author =     {Liu, Jun S. and Wu, Ying Nian},
  title =      {Parameter Expansion Scheme for Data Augmentation},
  journal =    {Journal of the American Statistical Association, to appear},
  year =       {1999},
  volume =     {94},
  pages =      {1264--1274}
}


@article{liu:lian:wong:00,
  author =     {Liu, Jun S. and Liang, Faming and Wong, Wing Hung},
  title =      {The Multiple-Try Method and Local Optimization in
                   {M}etropolis Sampling},
  journal =    {Journal of the American Statistical Association},
  year =       {2000},
  volume =     {95},
  pages =      {121--134}
}


@article{liu:saba:00,
  author =     {Liu, Jun S. and Sabatti, Chiara},
  title =      {Generalised {G}ibbs Sampler and Multigrid {M}onte
                {C}arlo for {B}ayesian Computation},
  journal =    {Biometrika},
  year =       {2000},
  volume =     {87},
  pages =      {353--369}
}


@article{loui:82,
  author =     {Louis, Thomas A.},
  title =      {Finding the Observed Information Matrix When Using the 
               {EM} Algorithm},
  journal =    {Journal of the Royal Statistical Society, {S}eries {B}, 
               {M}ethodological},
  year =       {1982},
  volume =     {44},
  pages =      {226--233}
}

@article{long:94,
  author =     {Longford, N. T.},
  title =      {Logistic Regression With Random Coefficients},
  journal =    {Computational Statistics and Data Analysis},
  year =       {1994},
  volume =     {17},
  pages =      {1--15}
}

@InBook{lore:92,
  author =  {Loredo, Thomas J.},
  chapter =  {Promise of {B}ayesian Inference for Astrophysics},
  title = {Statistical Challenges in Modern Astronomy (eds.
            E. Feigelson and G. Babu)},
  year =        {1992},
  publisher =  {Springer-Verlag},
  address =    {New York},
  pages =      {275--306} 
}


%MMM

@article{mace:clyd:liu:99,
  author =     {MacEachern, S.N. and Clyde, M.A. and Liu, Jun S.},
  title =      {Sequential Importance Sampling for Nonparametric {B}ayes Models: 
                {T}he Next Generation},
  journal =    {Canadian Journal of Statistics},
  year =       {1999},
  volume =     {27},
  pages =      {251--267}
}


@article{main:boul:rizz:91,
  author =     {Maine, M. and Boullion, T. and Rizzuto, G. T.},
  title =      {Detecting the Number of Components in a Finite
                 Mixture Having Normal Components},
  journal =    {Communication in Statistics -- Theory \& Methods},
  year =       {1991},
  volume =     {20},
  pages =      {611--620}
}

@article{mari:pari:92,
  author =     {Marinari, E. and Parisi, Giorgio},
  title =      {Simulated Tempering:  {A} New {M}onte {C}arlo Scheme},
  journal =    {Europhysics Letters},
  year =       {1992},
  volume =     {19},
  pages =      {451--458}
}

@book{mari:71,
  Author =     {Martin, B. R.},
  Publisher =  {Academic Press},
  address =    {London},
  Pages =      {144--147},
  Title =      {Statistics for Physicists},
  Year =       1971
}

@book{mars:olki:79,
  Author =     {Marshall, A. and Olkin, Ingram},
  Publisher =  {Academic Press},
  address =    {New York},
  Title =      {Inequalities: Theory of Majorization and Its Applications},
  Year =       1979
}

@book{mccu:neld:89, 
  Author =    {McCullagh, Peter and Nelder, John A.}, 
  Publisher = {Chapman \& Hall }, 
  address =   {London},
  Pages =     500, 
  Title =     {Generalized Linear Models ({S}econd edition)}, 
  Year=       1989
} 

@article{mccu:94,
  author =     {McCulloch, Charles E.},
  title =      {Maximum Likelihood Variance Components Estimation for Binary Data},
  journal =    {Journal of the American Statistical Association},
  year =       {1994},
  volume =     {89},
  pages =      {330--335}
}

@article{mccu:97,
  author =     {McCulloch, Charles E.},
  title =      {Maximum Likelihood Algorithms for Generalized Linear Mixed Models},
  journal =    {Journal of the American Statistical Association},
  year =       {1997},
  volume =     {92},
  pages =      {162--170}
}

@article{mccu:ross:94,
  author =     {McCulloch, Robert and Rossi, Peter},
  title =      {An Exact Likelihood Analysis of the Multinomial Probit Model},
  journal =    {Journal of Econometrics},
  year =       {1994},
  volume =     {64},
  pages =      {207--240}
}

@article{mccu:pols:ross:00,
  author =     {McCulloch, Robert and Polson, Nicholas G. and Rossi, Peter},
  title =      {A {B}ayesian Analysis of the Multinomial Probit Model
                with Fully Identified Parameters},
  journal =    {Journal of Econometrics},
  year =       {2000},
  volume =     {99},
  pages =      {173--193}
}


@article{mcke:26,
  author =     {McKendrik, A. G.},
  title =      {Applications of Mathematics to Medical Problems},
  journal =    {Proceedings of the  Edinburgh Mathematical Society},
  year =       {1926},
  volume =     {44},
  pages =      {98 -- 130}
}

\reference{
   McKendrik, A. G. (1926).
   problems. {\it

@book{mcla:badf:88,
  author =     {McLaughlan, Geoffrey J. and Badford, K. E.},
  title =      {Mixture Models: Inference and Applications to Clustering},
  publisher =  {Dekker},
  address =    {New York},
  year =       {1988}
}

@book{mcla:kris:97,
  author =     {McLaughlan, Geoffrey J. and Krishnan, Thriyambakam},
  title =      {The {EM} Algorithm and Extensions},
  publisher =  {John Wiley \& Sons},
  address =    {New York},
  year =       {1997}
}

@article{meng:rubi:91,
  Author = {Meng, Xiao-Li and Rubin, Donald B.},
  Journal = {Journal of the American Statistical Association},
  Volume = 86,
  Pages = {899--909},
  Keywords = {Incomplete data},
  Title = {Using {EM} to Obtain Asymptotic Variance-covariance Matrices:
          {T}he {SEM} Algorithm},
  Year = 1991
}

@article{meng:pedl:92,
  author =     {Meng, Xiao-Li and Pedlow, Steven},
  title =      { {EM}:  A Bibliographic Review with Missing Articles},
  journal =    {Proceedings of the Statistical Computing Section of the 
                American Statistical Association}, 
  year =       {1992},
  volume =     {},
  pages =      {24--27}
}

@article{meng:rubi:93,
  Author = {Meng, Xiao-Li and Rubin, Donald B.},
  Journal = {Biometrika},
  Volume = 80,
  Pages = {267--278},
  Keywords = {Conditional distribution},
  Title = {Maximum Likelihood Estimation Via the {ECM} Algorithm: {A}
          General Framework},
  Year = 1993
}

@Article{meng:94a,
  author =      {Meng, Xiao-Li},
  title =       {Posterior Predictive $p$-Values},
  journal =  {The Annals of Statistics},
  year =        {1994},
  volume =       {22},
  pages =        {1142--1160} 
}

@article{meng:94b,
  author =     {Meng, Xiao-Li},
  title =      {On the Rate of Convergence of the {ECM} Algorithm},
  journal =    {The Annals of Statistics},
  year =       {1994},
  volume =     {22},
  pages =      {326--339}
}

@article{meng:rubi:94,
  author =     {Meng, Xiao-Li and Rubin, Donald B.},
  title =      {On the Global and Componentwise Rates of Convergence of the 
               {EM} Algorithm},
  journal =    {Linear Algebra and Its Applications},
  year =       {1994},
  volume =     {199},
  pages =      {413--425}
}

@article{meng:schi:96,
  author =     {Meng, Xiao-Li and Schilling, Stephen},
  title =      {Fitting Full-Information Item Factor Models and An Empirical 
                Investigation of Bridge Sampling},
  journal =    {Journal of the American Statistical Association},
  year =       {1996},
  volume =     {91},
  pages =      {1254--1267}
}
  
@article{meng:wong:96,
  author =     {Meng, Xiao-Li and Wong, Wing H.},
  title =      {Simulating Ratios of Normalizing Constants Via a Simple 
                Identity:  {A} Theoretical Explanation},
  journal =    {Statistica Sinica},
  year =       {1996},
  volume =     {6},
  pages =      {831--860}
}

@Article{meng:vand:97,
  author =      {Meng, Xiao-Li and van Dyk, David A.},
  title =       {The {EM} Algorithm -- an Old Folk Song Sung 
                 to a Fast New Tune (with Discussion)}, 
  journal = {Journal of the Royal Statistical Society, {S}eries {B},
              {M}ethodological},
  year =        {1997},
  volume =      {59},
  pages =       {511--567}
}

@Article{meng:vand:98,
  author =      {Meng, Xiao-Li and van Dyk, David A.},
  title =       {Fast {EM} Implementations for Mixed-Effects Models},
  journal = {Journal of the Royal Statistical Society, {S}eries {B},
              {M}ethodological},
  year =        {1998},
  volume =      {60},
  pages =       {559--578}
}

@Article{meng:vand:99,
  author =      {Meng, Xiao-Li and van Dyk, David A.},
  title =       {Seeking Efficient Data Augmentation Schemes via Conditional
                  and Marginal Augmentation}, 
  journal =      {Biometrika},
  year =        {1999},
  volume =      {86},
  pages =       {301--320}
}

@article{meng:00,
     Author = {Meng, X.-L.},
     Title = {Towards A More General {P}ropp-{W}ilson Algorithm:
     Multistage Backward Coupling},
     Journal = {Fields Institute Communications,},
     Volume = {},
     Number = {},
     Pages =  {to appear},
     Year = {2000}
}

@article{merl:spat:74,
  Author = {Merle, G. and Spath, H.},
  Journal = {Computing},
  Volume = 12,
  Pages = {315-321},
  Title = {Computational Experiences With Discrete $L_p$ Approximation},
  Year = 1974
} 

@article{metr:ulam:49,
  author =      {Metropolis, N. and Ulam, S.},
  title =       {The {M}onte {C}arlo method},
  journal =  {Journal of the American Statistical Association},
  year =        1949,
  volume =      44,
  pages =       {335--341}
}

@article{metr:rose:rose:tell:tell:53,
  author =      {Metropolis, N. and Rosenbluth, A.W. and Rosenbluth, M.N. and Teller, A.H.
and Teller, E.},
  title =       {Equation of state calculations by fast computing machines.},
  journal =  {Journal of Chemical Physics},
  year =        1953,
  volume =      21,
  pages =       {1087--1092}
}

@book{meyn:twee:93,
  author =     {Meyn, Sean P. and Tweedie, Richard L.},
  title =      {Markov chains and Stochastic Stability},
  publisher =  {Springer-Verlag},
  address =    {New York},
  year =       {1993}
}

@Article{morris:83,
  author =      {Morris, Carl N.},
  title =       {Parametric Empirical {B}ayes Inference: Theory and Applications
                 (with Discussion)},
  journal =  {Journal of the American Statistical Association},
  year =        {1983},
  volume =       {78},
  pages =        {47--65} 
}

@Article{mura:etal:88,
  author =      {Murakami, T. and Fujii, M. and Hayashida, K. and Itoh, M. and
                Nishimura, J. and Yamagami, T. and Conner, J. P. and
                Evans, W. D. and Fenimore, E. E. and Klebesadel, R. W. and
                Yoshida, A. and Kondo, I. and Kawai, N.},
  title =       {Evidence for Cyclotron Absorption From Spectral Features in 
                Gamma-Ray Bursts Seen With {G}inga},
  journal =  {Nature},
  year =        {1988},
  volume =       {335},
  pages =        {234--235} 
}

@article{murr:77,
  Author = {Murry, Gordon D.},
  Journal = {Journal of the Royal Statistical Society, {S}eries {B},
                 {M}ethodological},  
  Volume = 39, 
  Pages = {27 -- 28}, 
  Title = {Discussion of Maximum Likelihood from Incomplete Data Via the {EM}
                 Algorithm by {A}. Dempster, {N.} Laird, and {D.} Rubin},  
  Year= 1977
}

%NNN

@book{nach:65,
  author =     {Nachbin, Leopoldo},
  title =      {The {H}aar Integral},
  publisher =  {Van Nostrand},
  address =    {Princeton},
  year =       {1965}
}

@book{neal:93,
  author =     {Neal, R.~M.},
  title =      {Probablilistic Inference Using {M}arkov chains {M}onte {C}arlo Methods},
  publisher =  {Technical Report CRG-TR-93-1},
  address =    {Department of Computer Science, University of Toronto},
  year =       1993,
  pages =      140
}

@article{neal:94,
  author =     {Neal, R.~M.},
  title =      {An Improved Acceptance Procedure for the Hybrid 
                 {M}onte {C}arlo Algorithm},
  journal =    {Journal of Computational Physics},
  year =       {1994},
  volume =     {111},
  pages =      {194--203}
}

@article{neal:97,
  author =     {Neal, R.~M.},
  title =      {Markov chain {M}onte {C}arlo Methods Based on 
                 `Slicing' the Density Function},
  journal =    {Technical Report No. 9722, Department of 
                Statistics, University of Toronto},
  year =       {1997},
}

@article{nobi:98,
  author =     {Nobile, Agostino},
  title =      {A Hybrid {M}arkov Chain for the {B}ayesian Analysis of the 
                Multinomial Probit Model},
  journal =    {Statistics and Computing},
  year =       {1998},
  volume =     {8},
  pages =      {229--242}
}


@article{nobi:00,
  author =     {Nobile, Agostino},
  title =      {Comment: {B}ayesian Multinomial Probit Models with Normalization
                Constraint},
  journal =    {Journal of Econometrics},
  year =       {2000},
  volume =     {99},
  pages =      {335--345}
}


%OOO

@article{orch:wood:72,
  author =     {Orchard, Terence and Woodbury, Max A.},
  title =      {A Missing Information Principle:  {T}heory and Applications},
  journal =    {Proceedings of the 6th Berkeley Symposium on Mathematical Statistics and
Probability},
  publisher =  {University of California Press},
  address =    {Berkeley},
  year =       {1972},
  volume =     {1},
  pages =      {697--715}
}

%PPP

@article{palm:etal:94,
  author =     {Palmer, D. M. and Teegarden, B. J. and Schaefer, B. E. and
                 Cline, T. L. and Band, D. L. and Ford, L. A. and Matteson, 
                 J. L. and Paciesas, W. S. and Pendleton, G. N. and 
                 Briggs, M. S. and Preece, R. D. and Fishman, G. J. and
                 Meegan, C. A. and Wilson, R. B. and Lestrade, J. P.},
  title =      {Batse Gamma-Ray Burst Line Search. {I}. {S}earch for Narrow
                  Lines in Spectroscopy Detector Data},
  journal =    {Astrophysical Journal},
  year =       {1994},
  volume =     {433},
  pages =      {L77--L80}
}

@article{pear:1894,
  author =     {Pearson, Karl},
  title =      {Contribution to the Mathematical Theory of Evolution},
  journal =    {Philosphical Transactions of the Royal Society of {L}ondon, 
               {S}eries {A}},  
  year =       1894,
  volume =     185,
  pages =      {71--110}
}

@article{pill:lind:96,
  Author =    {Pilla, Ramani S. and Lindsay, Bruce G.},
  Journal = {Proceedings of the Statistical Computing Section of the 
             American Statistical Association},
  Volume = {},
  Pages = {166-171},
  Title = {Faster {EM} Methods in High-Dimensional Finite Mixtures},
  Year = 1996
}

@article{pill:lind:99,
  Author =    {Pilla, Ramani S. and Lindsay, Bruce G.},
  Journal = {Biometrika},
  Volume = {},
  Pages = {submitted},
  Title = {Alternative {EM} Methods in High-Dimensional Finite Mixtures},
  Year = 1999
}

@book{pole:west:harr:94,
  author =     {Pole, Andy and West, Mike and Harrison, Jeff},
  title =      {Applied {B}ayesian Forecasting and Time Series Analysis},
  publisher =  {Chapman \& Hall}, 
  address =    {London},
  year =       {1994}
}

@article{pott:52,
  author =     {Potts, R.B.},
  title =      {Some generalized order-disorder transformations},
  journal =    {Proceedings of the Cambridge Philosophic Society},
  year =       {1952},
  volume =     {48},
  pages =      {106--109}
}

@book{pres:flan:teuk:vett:92,
  Author = {Press, William and Flannery, Brian and Teukolsky, Saul and
           Vetterling, William},
  Publisher = {Cambridge University Press},
  address =    {Cambridge, UK},
  Pages = 818,
  Title = {Numerical Recipes in {C}: {T}he Art of Scientific
  Computing, {S}econd {E}dition}, 
  Year = 1992
}

@article{prop:wils:96,
    Author = {Propp, J.G. and Wilson, D.B.},
    Title = {Exact Sampling with Coupled {M}arkov Chains
             and Applications to Statistical Mechanics},
    Journal = {Random Structures and Algorithms},
    Volume = {9},
    Number = {1\&2},
    Pages = {223--252},
    Year = {1996}
}


@article{prot:etal:01, 
author = {Protassov, Rostislav and van Dyk, David A. and Connors,
          Alanna and Kashyap, Vinay and Siemiginowska, Aneta}, 
title =  {Statistics: Handle with Care -- Detecting Multiple Model Components
          with the Likelihood Ratio Test}, 
journal = {The Astrophysical Journal}, 
year  = 2001, 
volume = {}, 
pages = {submitted} 
}

@article{piro:etal:99,
  author =     {Piro, L. and Costa, E. and Frontera, F. and Amati, L.
                 and Dal Fiume, D. and Antonelli, L.A. and Heise, J. and
                 in't Zand, J. and Owens, A. and Parmar, A.N. and
                 Cusumano, G. and Vietri, M. and Perola, G.C.},
  title =      {The X-Ray Afterglow of the Gamma-Ray Burst of 1997
                {M}ay 8: {S}pectral Variability and Possible Evidence
                of an Iron Line},
  journal =    {Astrophysical Journal},
  year =       {1999},
  volume =     {514},
  pages =      {L73--L77}
}


%QQQ

@article{qin:liu:00,
  author =     {Qin, Zhaohui and Liu, Jun S.},
  title =      {Multi-point {M}etropolis Method with Application
                  to Hybrid {M}onte {C}arlo},
  journal =    {Technical Report, Department of Statistics, 
                  Harvard University},
  year =       {2000}
}


%RRR

@InBook{raft:96,
  author = 	 {Raftery, Adrian E.},
  title = 	 {{M}arkov {C}hain {M}onte {C}arlo in {P}ractice
  (eds. W.R. Gilks, S. Richardson, and D.J. Spiegelhalter) },
  chapter = 	 {10 Hypothesis testing and model selection},
  publisher = 	 {Chapman \& Hall},
  year = 	 {1996},
  address = 	 {London},
  pages = 	 {163-187},
}

@Article{rich:gree:97,
  author =      {Richardson, Sylvia and Green, Peter},
  title = {On {B}ayesian Analysis of Mixtures with an Unknown Number
            of Components (with Discussion)},
  journal = {Journal of the Royal Statistical Society, {S}eries {B},
              {M}ethodological},
  year =        1997,
  volume =      59,
  pages =       {731-792},
}

@InBook{robe:96,
  author    =          {Roberts, Gareth O.},
  title     =   {Markov Chain {M}onte {C}arlo in Practice (eds. W. R. Gilks, 
                  S. Richardson, and D. J. Spiegelhalter)},
  chapter   =    {{M}arkov Chain Concepts Related to Sampling Algorithms.},
  publisher =          {Chapman \& Hall},
  address   =    {London},
  year      =   1996,
}

@book{robe:case:99,
  author =     {Robert, Chirstian P. and Casella, George},
  title =      {{M}onte {C}arlo Statistical Methods},
  publisher =  {Springer-Verlag},
  address =    {New York},
  year =       {1999}
}

@article{robe:sahu:97,
  author =     {Roberts, Gareth O. and Sahu, Sajit K.},
  title =      {On {B}ayesian Analysis of Mixtures With an Unknown Number of 
                Components (with Discussion)},
  journal =    {Journal of the Royal Statistical Society, {S}eries {B}, 
                {M}ethodological},
  year =       {1997},
  volume =     {59},
  pages =      {731--792}
}

@Article{rubi:80,
  author =      {Rubin, Donald B.},
  title =       {Using Empirical {B}ayes Techniques in the Law School 
              Validity Studies},
  journal =  {Journal of the American Statistical Association},
  year =        {1980},
  volume =       {75},
  pages =        {801--825} 
}

@Article{rubi:84,
  author =      {Rubin, Donald B.},
  title =       {Bayesianly Justifiable and Relevant Frequency Calculations 
                for the Applied Statistician},
  journal =  {The Annals of Statistics},
  year =        {1984},
  volume =       {12},
  pages =        {1151--1172} 
}

@book{rubi:87,
  Author = {Rubin, Donald B.},
  Publisher = {John Wiley \& Sons},
  address = {New York},
  Title = {Multiple Imputation for Nonresponse in Surveys},
  Year = {1987}
}

@incollection{rubi:gelm:95,
  author =      {Gelman, Andrew and Rubin, Donald B.},
  title =      {Comment: Avoiding Model Selection in {B}ayesian Social Research},
  booktitle =          {Sociological Methodology 1995},
  year =        {1995},
  volume =       {78},
  pages =        {165--173},
  editor =       {Marsden, Peter V.},
  publisher =    {Blackwell Publishers},
  address =      {Cambridge, Mass}
}

@book{rybi:ligh:79,
  Author =     {Rybicki, George B. and Lightman, Alan P.},
  Publisher =  {John Wiley \& Sons},
  address =    {New York},
  Title =      {Radiative Processes in Astrophysics},
  Year =       {1979}
}


%SSS

@article{scha:91,
  author =     {Schall, R.},
  title =      {Estimation in Generalized Linear Models With Random Effects},
  journal =    {Biometrika},
  year =       {1991},
  volume =     {78},
  pages =      {719--727}
}

@article{schl:73,
  Author = {Schlossmacher, E. J.},
  Journal = {Journal of the American Statistical Association},
  Volume = 68,
  Pages = {857--859},
  Title = {An Iterative Technique for Absolute Deviations Curve Fitting},
  Year = 1973
} 

@article{schm:etal:90,
  Author = {Schmitt, J.H.M.M. and Collura, A. and Sciortino, S. and
              Vaiana, G.S. and Harnden, Jr., F.R. and Rosner, R.},
  Journal = {Astrophysical Journal},
  Volume = 365,
  Pages = {704--728},
  Title = {Einstein {O}bservatory Coronal Temperatures of Late-Type Stars},
  Year = 1990
} 

@Article{schw:78,
  author =      {Schwarz, Gideon},
  title =       {Estimating the Dimension of a Model},
  journal =  {The Annals of Statistics},
  year =        {1978},
  volume =       {6},
  pages =        {461--464} 
}

@book{serf:80,
  Author =    {Serfling, Robert, J.},
  Publisher = {Wiley \& Sons},
  address =   {New York},
  Title =     {Approximation Theorems of Mathematical Statistics},
  Year =      1980
}

@article{shep:94,
  author =     {Shephard, Neal},
  title =      {Partial non-{G}aussian State-Space},
  journal =    {Biometrika},
  year =       {1994},
  volume =     {81},
  pages =      {115--131}
}

@article{shep:pitt:97,
  author =     {Shephard, N. and Pitt, M.~K.},
  title =      {Likelihood analysis of Non-{G}aussian Measurement
                Time Series},
  journal =    {Biometrika},
  year =       {1997},
  volume =     {84},
  pages =      {653--667}
}

@article{shep:vard:82,
  author =     {Shepp, Lawrence A. and Vardi, Yehuda},
  title =      {Maximum Likelihood reconstruction for Emission Tomography},
  journal =    {IEEE Transactions on Image Processing},
  year =       {1982},
  volume =     {2},
  pages =      {113--122}
}

@article{shum:stof:82,
  author =     {Shumway, R. H. and Stoffer, D. S.},
  title =      {An Approach to Time Series Smoothing and Forecastin Using
                the {EM} Algorithm},
  journal =    {Journal of Time Series Analysis},
  year =       1982,
  volume =     3,
  pages =      {253--264}
}


@InBook{siem:etal:97,
  author =  {Siemiginowska, Aneta and Elivis, Martin and Connors Alanna and
             Freeman, Peter and Kashyap, Vinay and Feigelson, Eric},
  chapter =  {{AXAF} Data Analysis Challanges},
  title = {Statistical Challenges in Modern Astronomy II (eds.
            E. Feigelson and G. Babu)},
  year =        {1997},
  publisher =  {Springer-Verlag},
  address =    {New York},
  pages =      {241--253} 
}


@article{sing:etal:99,
  author =     {Singh, K.P. and Drake, S.A. and Gotthelf, E.V. and
                 White, N.E.},
  title =      {X-Ray Spectroscopy of Rapidly Rotating, Late-Type Dwarf Stars},
  journal =    {Astrophysical Journal},
  year =       {1999},
  volume =     {512},
  pages =      {874--891}
}

@article{smit:robe:93,
  author =     {Smith, Adrian F.M. and Roberts, Gareth O.},
  title =      {Bayesian Computation Via the {G}ibbs Sampler and Related 
               {M}arkov Chain {M}onte {C}arlo Methods},
  journal =    {Journal of the Royal Statistical Society, {S}eries {B}, 
               {M}ethodological},
  year =       {1993},
  volume =     {55},
  pages =      {3--23}
}

@article{sund:74,
   author ={Sundberg, R.},
   year =1974, 
   title={Maximum Likelihood Theory for Incomplete Data From an Exponential 
          Family},
   journal = {Scandinavian Journal of  Statistics},
   volume = 1,
   pages = {49 -- 58} 
        }

@article{sund:76,
   author  = {Sundberg, R.},
   year    = 1976, 
   title   = {An Iterative Method for Solution of the
              Likelihood Equations for Incomplete Data Form Exponential Families},
   journal = {Scandinavian Journal of  Statistics},
   volume  = {B5(1)},
   pages   = {55 -- 64} 
   }

@article{swen:wang:87,
   author  = {Swendsen, R. H. and  Wang, J. S.},
   year    = {1987}, 
   title   = {Nonuniversal Critical Dynamics in {M}onte {C}arlo Simulations},
   journal = {Physical Review Letters},
   volume  = {58},
   pages   = {86--88} 
        }

%TTT

@Article{tang:vand:00,
  author =      {Tang, Ruoxi and van Dyk, David A.},
  title =       {A Fast New {EM} Algorithm for Time Series Smoothing in
                  State-Space and Dynamic Linear Models},
  journal =      {Biometrika},
  year =        2000,
  Volume =      {},
  Pages =       {submitted}
}

@book{tann:96,
  author =     {Tanner, Martin A.},
  title =      {Tools for Statistical Inference: Methods for the Exploration of 
                Posterior Distributions and Likelihood Functions},
  publisher =  {Springer-Verlag},
  address =    {New York},
  year =       {1996}
}

@article{tann:wong:87,
  Author = {Tanner, Martin A. and Wong, Wing Hung},
  Journal = {Journal of the American Statistical Association},
  Volume = 82,
  Pages = {528--550},
  Keywords = {Bayesian inference; Imputation; Dirichlet sampling},
  Title = {The Calculation of Posterior Distributions By Data Augmentation
          (with Discussion)},
  Year = 1987
} 

@book{titt:smit:mako:85,
  Author =    {Titterington, D. M. and Smith, A. F. M. and Makov, U. E.},
  Publisher = {Wiley \& Sons},
  address =   {New York},
  Title =     {Statistical Analysis of Finite Mixture Distributions},
  Year =      1985
}

@book{this:88,
  Author =    {Thisted, Ronald A.},
  Publisher = {Chapman \& Hall},
  address =   {London},
  Pages =     400,
  Title =     {Elements of Statistical Computing},
  Year =      1988
}

@article{thom:meye:86,
  author =     {Thompson, R. and Meyer, K.},
  title =      {Estimation of Variance Components:  What is Missing in the {EM} Algorithm?},
  journal =    {Journal of Statistical Computation and Simulation},
  year =       {1986},
  volume =     {24},
  pages =      {215--230}
}

@article{tier:94,
  author =      {Tierney, Luke},
  title =       {Markov chains for Exploring Posterior Distributions 
                 (with Discussion)},
  Journal =      {The Annals of Statistics},
  year =        {1994},
  Volume =      {22},
  Pages =       {1701--1762},
}

@InBook{tier:96,
  author    =          {Tierney, Luke},
  title     =   {Markov Chain {M}onte {C}arlo in Practice (eds. W. R. Gilks, 
                  S. Richardson, and D. J. Spiegelhalter)},
  chapter   =     {Introduction to General State-Space Markov Chain Theory},
  publisher =          {Chapman \& Hall},
  address   =    {London},
  year      =   1996,
}

%UUU

%VVV


@PhdThesis{vand:95,
  author =      {van Dyk, David A.},
  title =       {Construction, Implementation, and Theory of Algorithms 
                 based on Data Augmentation and Model Reduction},
  school =      {The University of Chicago, Dept. of Statistics},
  year =        {1995},
}

@article{vand:meng:97,
  author =     {van Dyk, David A. and Meng, Xiao-Li},
  title =      {Some Findings on the Orderings and Groupings of Conditional 
                    Maximizations Within {ECM}-type Algorithms},
  journal =    {The Journal of Computational and Graphical Statistics},
  year =       1997,
  volume =     6,
  pages =      {202--223}
}


@Incollection{vand:99a,
  author  =     {van Dyk, David A.},
  title   =     {Discussion of Quantifying Surprise in the Data and Model 
                 Verification by {M.J. B}ayarri and {J.O. B}erger},
  booktitle =     {Bayesian Statistics VI},
  year    =     1999,
  publisher =   {Oxford University Press},
  address =     {Oxford},
  pages   =     {78--79}
}

@Incollection{vand:99b,
  author  =     {van Dyk, David A.},
  title   =     {Discussion of Simulated Sintering: {M}arkov Chain {M}onte {C}arlo
                 with Spaces of Varying Dimensions
                 by {J.S. L}iu and {C. S}abatti},
  booktitle =     {Bayesian Statistics VI},
  year    =     1999,
  publisher =   {Oxford University Press},
  address =     {Oxford},
  pages   =     {408--409}
}

@article{vand:00nem,
  author =     {van Dyk, David A.},
  title =      {Nesting {E}{M} Algorithms for Computational Efficiency},
  journal =    {Statistical Sinica},
  year =       2000,
  volume =     {10},
  pages =      {203--225}
}


@Article{vand:00px,
  author =      {van Dyk, David A.},
  title =       {Fitting Mixed-Effects Models Using Efficient {EM}-type 
                  Algorithms},
  journal =      {Journal of Computational and Graphical Statistics},
  volume=        {9},
  year =        {2000},
  pages =        {78--98}
}

@Article{vand:00astro,
  author =      {van Dyk, David A.},
  title =       {Fast New {EM}-type Algorithms with Applications in Astrophysics},
  journal =  {Technical Report},
  volume=        {},
  year =        {2000},
  pages =        {}
}

@article{vand:conn:kash:siem:01,
  author =     {van Dyk, David A. and Connors, Alanna and Kashyap, Vinay and 
                Siemiginowska, Aneta}, 
  title =      {Analysis of Energy Spectra with Low Photon Counts via 
               {B}ayesian Posterior Simulation},
  journal =    {The Astrophysical Journal},
  year =       2001,
  volume =     {548},
  pages =      {224--243}
}

@Incollection{vand:meng:00inter,
  author =     {van Dyk, David A. and Meng, Xiao-Li},
  title =      {Algorithms Based on Data Augmentation},
  booktitle =  {Computing Science and Statistics: Proceedings of the 
                31st Symposium on the Interface},  
  editor =      {Pourahmadi, M. and Berk, K.},
  year    =     2000,
  publisher =   {Interface Foundation of North America},
  address =     {Fairfax Station, VA},
  pages   =     {230--239}
}

@article{vand:meng:01art,
  author =     {van Dyk, David A. and Meng, Xiao-Li},
  title =      {The Art of Data Augmentation},
  journal =    {The Journal of Computational and Graphical Statistics},
  year =       2001,
  volume =     {10},
  pages =      {1--111}
}

@article{vand:kang:meng:01,
  author =     {van Dyk, David A. and Kang, Hosung and Meng, Xiao-Li},
  title =      {Using a Marginal Gibbs Sampler
                to Improve Bayesian computation for the GLMM},
  journal =    {Technical Report},
  year =       2001,
  volume =     {},
  pages =      {}
}


@article{vand:imai:01,
  author =     {van Dyk, David A. and Imai, Kosuke},
  title =      {A {B}ayesian Analysis of the Multinomial Probit Model
               Using Marginal Augmentation},
  journal =    {Technical Report},
  year =       2001,
  volume =     {},
  pages =      {}
}

@article{meng:vand:02,
  author =     {Meng, Xiao-Li and van Dyk, David A.},
  title =      {Incompatible Gibbs Samplers, Stochastic Stability, and
                Estimating Total Variation Distance},
  journal =    {Technical Report},
  year =       2002,
  volume =     {},
  pages =      {}
}


@article{vard:lee:93,
  author =     {Vardi, Yehuda and Lee, D.},
  title =      {From Image Deblurring to Optimal Investments:  
               {M}aximum Likelihood Solutions for Positive Linear 
               Inverse Problems (with Discussion)},  
  journal =    {Journal of the Royal Statistical Society, {S}eries {B}, 
               {M}ethodological},
  year =       {1993},
  volume =     {55},
  pages =      {569--612}
}

@article{vard:shep:kauf:85,
  author =     {Vardi, Yehuda and Shepp, Lawrence A. and Kaufman, L.},
  title =      {A Statistical Model for Positron Emission Tomography},
  journal =    {Journal of the American Statistical Association},
  year =       {1985},
  volume =     {80},
  pages =      {8--19}
}

%WWW

 
@article{wei:tann:90,
  author =     {Wei, G.C.G. and Tanner, Martin A.},
  title =      {A {M}onte {C}arlo Implementation of the {EM} Algorithm and 
                the Poor Man's Data Augmentation Algorithm},
  journal =    {Journal of the American Statistical Association},
  year =       1990,
  volume =     85,
  pages =      {699--704}
}

@book{west:harr:97,
  author =     {West, Mike and Harrison, Jeff},
  title =      {Bayesian Forecasting and Dynamic Models},
  publisher =  {Springer-Verlag},
  address =    {New York},
  edition =    {2nd},
  year =       {1997}
}

@article{wind:cutl:92,
  author =     {Windham, M. P. and Cutler, A.},
  title =      {Information Ratios for Validating Mixture Analyses},
  journal =    {Journal of the American Statistical Association},
  year =       1992,
  volume =     87,
  pages =      {1188--1192}
}

@article{wolf:70,
  Author = {Wolfe, J. H.},
  Journal = {Multivariate Behavioral Research},
  Volume = 5,
  Pages = {329--350},
  Title = {Pattern Clustering by Multivariate Mixture Analysis},
  Year = 1970
}

@article{wolf:ocon:93,
  author =     {Wolfinger, R. and O'Conner, M},
  title =      {Generalized Linear Mixed Models: A Pseudo-Likelihood Approach},
  journal =    {Journal of the American Statistical Association},
  year =       {1993},
  volume =     {85},
  pages =      {699--704}
}


@article{wong:lian:97,
  author =     {Wong, Wing H. and Fiang, Faming},
  title =      {Dynamic Weighting in {M}onte {C}arlo and Optimization},
  journal =    {Proceedings of the National Academy of Sciences},
  year =       1997,
  volume =     94,
  pages =      {14220--14224}
}

@article{wu:83,
  Author = {Wu, C. F. Jeff},
  Journal = {The Annals of Statistics},
  Volume = 11,
  Pages = {95--103},
  Title = {On the Convergence Properties of the {EM} Algorithms},
  Year = 1983
}

%XXX

%YYY

@InBook{yosh:etal:92,
  author =     {Yoshida, A. and Murakami, T. and Nishimura, J. and
                   Kondo, I. and Fenimore, E. E.},
  title =      {Gamma-Ray Brusts: Observations, Analyses and Theories},
  chapter =    {Cyclotron Lines Observed with {G}inga},
  publisher =  {Cambridge University Press},
  address =    {Cambridge},
  year =       {1992},
  pages =      {399--406},  
  key =                { }
}

%ZZZ

GG
